@Comment An academic article
@Article{Ansc73Grap,
  author       = {F. J. Anscombe},
  title        = {Graphs in Statistical Analysis},
  journal      = {The American Statistician},
  year         = 1973,
  volume       = 27,
  pages        = {17-21},
  url          = {http://www.jstor.org/stable/2682899}
}

@Comment A report from an institution
@TechReport{McPherson2017,
  author       = {Karen McPherson},
  title        = {Glasgowâ€™s public cycle hire scheme: analysis of usage
                  between {July} 2014 and {June} 2016},
  year         = 2017,
  institution  = {Glasgow Centre for Population Health},
  url          =
                  {https://www.gcph.co.uk/assets/0000/6010/Next_bike_hire_data.pdf},
  note         = {[Online; accessed 16 July 2021]}
}
@Comment LocalWords:  TechReport cyclehire url

@misc{justeat,
   author = "{Just Eat Cycles}",
   title = "Historical data for {Edinburgh}",
   year = "2021",
   url = "https://edinburghcyclehire.com/open-data/historical",
   note = "[Online; accessed 21 July 2021]"
 }

@Misc{midas,
  author       = {Met Office},
  title        = {{MIDAS} {Open}: {UK} hourly weather observation
                  data, v202007. {Centre for Environmental Data
                  Analysis}},
  year         = {21 October 2020},
  url          =
                  {http://dx.doi.org/10.5285/8d85f664fc614ba0a28af3a2d7ef4533},
  note         = {[Online; accessed 16 July 2021]}
}
@Comment LocalWords:  midas

@Comment A newspaper article. We abuse the "year" a bit to give us a date
@Article{Space2021,
  author       = {Space, Phil},
  year         = {26 February 2021},
  title        = {Why oh why must {I} do this project?},
  journal      = {The Daily Post},
  url          = {https://www.dailypost.com},
  note         = {Retrieved on 28 February 2021}
}

@Comment A Wikipedia article. A Wikipedia article can sometimes be the most
@Comment appropriate source, but check the sources cited in the
@Comment Wikipedia article, as it's usually better to cite the most
@Comment original source.
@misc{ wiki:plagarism,
   author = "{Wikipedia contributors}",
   title = "Plagiarism -- {W}ikipedia{,} The Free Encyclopedia",
   year = "2004",
   url = "https://en.wikipedia.org/w/index.php?title=Plagiarism&oldid=5139350",
   note = "[Online; accessed 22-July-2004]"
 }


